<record><leader>00000cas a22000007a 4500</leader><controlfield tag="001">31119692</controlfield><controlfield tag="008">940915c19uu9999aruwr ne      0   a0eng c</controlfield><datafield ind1=" " ind2=" " tag="010"><subfield code="a">sn 94004138 </subfield></datafield><datafield ind1=" " ind2=" " tag="040"><subfield code="a">NSD</subfield><subfield code="b">eng</subfield><subfield code="c">NSD</subfield><subfield code="d">OCLCQ</subfield></datafield><datafield ind1=" " ind2=" " tag="012"><subfield code="m">y</subfield></datafield><datafield ind1="1" ind2=" " tag="022"><subfield code="a">1078-5566</subfield><subfield code="l">1078-5566</subfield><subfield code="y">0747-2331</subfield><subfield code="2">1</subfield></datafield><datafield ind1=" " ind2=" " tag="032"><subfield code="a">338200</subfield><subfield code="b">USPS</subfield></datafield><datafield ind1=" " ind2=" " tag="037"><subfield code="b">The Melbourne Times, POB 308, Melbourne, AR 72556</subfield></datafield><datafield ind1=" " ind2=" " tag="042"><subfield code="a">nsdp</subfield><subfield code="a">pcc</subfield></datafield><datafield ind1="0" ind2=" " tag="130"><subfield code="a">Melbourne times (Melbourne, Ark. : 1994)</subfield></datafield><datafield ind1=" " ind2="4" tag="222"><subfield code="a">The Melbourne times</subfield><subfield code="b">(1994)</subfield></datafield><datafield ind1="1" ind2="4" tag="245"><subfield code="a">The Melbourne times.</subfield></datafield><datafield ind1=" " ind2=" " tag="260"><subfield code="a">Melbourne, AR :</subfield><subfield code="b">The Times</subfield></datafield><datafield ind1=" " ind2=" " tag="300"><subfield code="a">v.</subfield></datafield><datafield ind1=" " ind2=" " tag="310"><subfield code="a">Weekly</subfield></datafield><datafield ind1=" " ind2=" " tag="588"><subfield code="a">Description based on: Vol. 97, no. 45 (Aug. 10, 1994).</subfield></datafield><datafield ind1=" " ind2=" " tag="588"><subfield code="a">Latest issue consulted: Vol. 97, no. 46 (Aug. 17, 1994).</subfield></datafield><datafield ind1=" " ind2=" " tag="752"><subfield code="a">United States</subfield><subfield code="b">Arkansas</subfield><subfield code="c">Izard</subfield><subfield code="d">Melbourne.</subfield></datafield><datafield ind1="0" ind2="0" tag="780"><subfield code="t">Times (Melbourne, Ark.)</subfield><subfield code="w">(DLC)sn 90050065</subfield><subfield code="w">(OCoLC)21110965</subfield></datafield><datafield ind1="1" ind2=" " tag="029"><subfield code="a">AU@</subfield><subfield code="b">000025877220</subfield></datafield></record>